<collection xmlns="http://www.loc.gov/MARC21/slim">
<record>
  <leader>01006nam0a22002411i 450 </leader>
  <controlfield tag="001">IT\ICCU\CNCE\050579</controlfield>
  <controlfield tag="005">20080530000000.0</controlfield>
  <datafield tag="100" ind1=" " ind2=" ">
    <subfield code="a">20000126d1520        0itac0103    ba</subfield>
  </datafield>
  <datafield tag="101" ind1=" " ind2=" ">
    <subfield code="a">LAT</subfield>
  </datafield>
  <datafield tag="102" ind1=" " ind2=" ">
    <subfield code="a">IT</subfield>
  </datafield>
  <datafield tag="200" ind1="1" ind2=" ">
    <subfield code="a">Pinar Camilli Pignatelli comitis burr. ludus equestris in honorem Caesaris</subfield>
  </datafield>
  <datafield tag="210" ind1=" " ind2=" ">
    <subfield code="e">Neapoli</subfield>
    <subfield code="g">per dominam Catherinam uxorem quondam Sigismundi Mayr</subfield>
    <subfield code="h">1520 klen. Januarii</subfield>
  </datafield>
  <datafield tag="215" ind1=" " ind2=" ">
    <subfield code="a">\16! c.</subfield>
    <subfield code="d">8ʻ</subfield>
  </datafield>
  <datafield tag="620" ind1=" " ind2=" ">
    <subfield code="a">IT</subfield>
    <subfield code="d">Napoli</subfield>
  </datafield>
  <datafield tag="700" ind1=" " ind2="1">
    <subfield code="a">Paloni,</subfield>
    <subfield code="b">Marcello</subfield>
    <subfield code="3">IT\ICCU\CNCA\007176</subfield>
  </datafield>
  <datafield tag="712" ind1="0" ind2="0">
    <subfield code="a">Mayr, Caterina</subfield>
    <subfield code="3">IT\ICCU\CNCT\000011</subfield>
    <subfield code="4">650</subfield>
  </datafield>
  <datafield tag="790" ind1=" " ind2="1">
    <subfield code="a">Palonio,</subfield>
    <subfield code="b">Marcello</subfield>
    <subfield code="3">IT\ICCU\CNCA\022094</subfield>
    <subfield code="z">Paloni, Marcello</subfield>
  </datafield>
  <datafield tag="790" ind1=" " ind2="1">
    <subfield code="a">Palonius,</subfield>
    <subfield code="b">Marcellus</subfield>
    <subfield code="3">IT\ICCU\CNCA\023349</subfield>
    <subfield code="z">Paloni, Marcello</subfield>
  </datafield>
  <datafield tag="791" ind1="0" ind2="0">
    <subfield code="a">Silvestro, Catherina de</subfield>
    <subfield code="3">IT\ICCU\CNCT\003193</subfield>
    <subfield code="z">Mayr, Caterina</subfield>
  </datafield>
  <datafield tag="791" ind1="0" ind2="0">
    <subfield code="a">De_Silvestro, Caterina</subfield>
    <subfield code="3">IT\ICCU\CNCT\003981</subfield>
    <subfield code="z">Mayr, Caterina</subfield>
  </datafield>
  <datafield tag="801" ind1=" " ind2="3">
    <subfield code="a">IT</subfield>
    <subfield code="b">ICCU</subfield>
    <subfield code="c">20201115</subfield>
  </datafield>
  <datafield tag="899" ind1=" " ind2=" ">
    <subfield code="a">Biblioteca nazionale Vittorio Emanuele III. Napoli</subfield>
    <subfield code="1">NA0079</subfield>
    <subfield code="2">NAP BN</subfield>
  </datafield>
  <datafield tag="899" ind1=" " ind2=" ">
    <subfield code="a">British Library. London</subfield>
    <subfield code="1">UK0001</subfield>
  </datafield>
</record>
</collection>
